<?xml version="1.0" encoding="UTF-8"?><record xmlns="http://www.loc.gov/MARC21/slim" xmlns:cinclude="http://apache.org/cocoon/include/1.0" xmlns:zs="http://www.loc.gov/zing/srw/">
  <leader>00368nz  a2200121n  4500</leader>
  <controlfield tag="001">nr 96022833 </controlfield>
  <controlfield tag="003">DLC</controlfield>
  <controlfield tag="005">19961023051130.8</controlfield>
  <controlfield tag="008">960620n| acnnnaab|          |n aaa     c</controlfield>
  <datafield tag="010" ind1=" " ind2=" ">
    <subfield code="a">nr 96022833 </subfield>
  </datafield>
  <datafield tag="040" ind1=" " ind2=" ">
    <subfield code="a">NIC</subfield>
    <subfield code="c">NIC</subfield>
  </datafield>
  <datafield tag="100" ind1="1" ind2="0">
    <subfield code="a">Heidenreich, Nils,</subfield>
    <subfield code="d">1761-1844</subfield>
  </datafield>
  <datafield tag="670" ind1=" " ind2=" ">
    <subfield code="a">Erindringer om guldhornstyveriet, 1858:</subfield>
    <subfield code="b">p. 21 (Nils Heidenreich, b. 06/08/1761) p. 44 (d. 08/07/1844)</subfield>
  </datafield>
</record>